@book{Mustermann2005,
  author    = {Mustermann, Max},
  title     = {Titel des Buches},
  publisher = {Beispiel Verlag},
  location  = {Musterstadt},
  date      = {2005}
}

@book{Mustermann2006,
  author    = {Mustermann, Max},
  title     = {Grundlagen der Einkommenssteuer},
  publisher = {Steuer Verlag},
  location  = {Musterstadt},
  date      = {2006}
}

@book{Schmidt2004,
  author    = {Schmidt, Michael},
  title     = {Der Abgrund der Freiheit und die erste Liebe. Eine Reise mit Faust durch Ihr Leben},
  publisher = {Archiati Verlag},
  location  = {München},
  date      = {2004}
}

@book{Mueller2019,
  author    = {Müller, Hans},
  title     = {Titel des Buches},
  publisher = {Verlag XY},
  location  = {Berlin},
  date      = {2019}
}

@book{Rusch2003,
  author    = {Rusch, Claudia},
  title     = {Meine freie deutsche Jugend},
  publisher = {S. Fischer Verlag},
  location  = {Frankfurt am Main},
  date      = {2003}
}

@book{Melville1994,
  author    = {Melville, Herman},
  title     = {Moby Dick},
  publisher = {Penguin Popular Classics},
  location  = {London},
  date      = {1994}
}

@incollection{Frisch1975,
  author       = {Frisch, Max},
  title        = {Ich suche den Wert des Alters},
  editor       = {Ossowski, Rudolf},
  booktitle    = {Jugend fragt – Prominente antworten},
  publisher    = {Colloquium-Verlag},
  location     = {Berlin},
  date         = {1975}
}

@online{StatistischesBundesamt2006,
  author       = {{Statistisches Bundesamt Deutschland}},
  title        = {Fast 30\% aller Kinder kamen 2005 außerehelich zur Welt},
  date         = {2006},
  url          = {http://www.destatis.de/presse/deutsch/pm2007/zdw4.htm},
  urldate      = {2007-01-25}
}

@movie{Forman2002,
  director     = {Forman, Milos},
  title        = {Einer flog über das Kuckucksnest},
  date         = {2002},
  publisher    = {Warner Home Video},
  location     = {Burbank},
  howpublished = {DVD}
}

@book{Blankart2006,
  author       = {Blankart, Charles B.},
  title        = {Öffentliche Finanzen in der Demokratie},
  edition      = {6},
  publisher    = {Verlag Franz Vahlen},
  location     = {München},
  date         = {2006}
}

@book{Hayek1989,
  author       = {Hayek, Friedrich August von},
  title        = {Gesammelte Schriften},
  publisher    = {Mohr Siebeck},
  location     = {Tübingen},
  date         = {1989}
}
