@article{Lallie2021,
  author = {Lallie, Harjinder Singh and Shepherd, Lynsay A. and Nurse, Jason R. C. and Erola, Arnau and Epiphaniou, Gregory and Maple, Carsten and Bellekens, Xavier},
  year = {2021},
  title = {Cyber security in the age of COVID-19: A timeline and analysis of cyber-crime and cyber-attacks during the pandemic},
  journal = {Computers \& Security},
  volume = {105},
  pages = {1-3}
}

@techreport{KPMG2023,
  author = {{KPMG AG Wirtschaftsprüfungsgesellschaft}},
  year = {2023},
  title = {Von Cyber Security zu Cyber Resilience – Eine komplexere Bedrohungslage erfordert neue Ansätze},
  institution = {KPMG AG},
  pages = {12-13}
}

@report{CybersicherheitBayern2024,
    title = {Cybersicherheit in {Bayern} 2024: {Bericht} zur {Cybersicherheit} in {Bayern}},
    author = {{Bayerisches Staatsministerium des Innern, für Sport und Integration and Bayerisches Staatsministerium der Finanzen und für Heimat}},
    year = {2024},
    institution = {Bayerisches Staatsministerium des Innern, für Sport und Integration and Bayerisches Staatsministerium der Finanzen und für Heimat},
    address = {München},
    type = {Bericht},
    pages = {7-8}
}

@techreport{Brundage2018,
    author = {Brundage, Miles and Avin, Shahar and Clark, Jack and Toner, Helen and Eckersley, Peter and Garfinkel, Ben and Dafoe, Allan and Scharre, Paul and Zeitzoff, Thomas and Filar, Bobby and Anderson, Hyrum and Roff, Heather and Allen, Gregory C. and Steinhardt, Jacob and Flynn, Carrick and Ó hÉigeartaigh, Seán and Beard, Simon and Belfield, Haydn and Farquhar, Sebastian and Lyle, Clare and Crootof, Rebecca and Evans, Owain and Page, Michael and Bryson, Joanna and Yampolskiy, Roman and Amodei, Dario},
    title = {The Malicious Use of Artificial Intelligence: Forecasting, Prevention, and Mitigation},
    institution = {Future of Humanity Institute and others},
    year = {2018},
    pages = {31-36}
}

@article{Radanliev2020,
    author = {Radanliev, Petar and De Roure, David and Page, Kevin and Nurse, Jason R. C. and Mantilla Montalvo, Rafael and Santos, Omar and Maddox, La'Treall and Burnap, Pete},
    year = {2020},
    title = {Cyber risk at the edge: current and future trends on cyber risk analytics and artificial intelligence in the industrial internet of things and industry 4.0 supply chains},
    journal = {Cybersecurity},
    volume = {3},
    number = {13},
    pages = {1-3},
    doi = {10.1186/s42400-020-00052-8}
}

@techreport{BSI2023,
    author = {{Bundesamt für Sicherheit in der Informationstechnik}},
    year = {2023},
    title = {Die Lage der IT-Sicherheit in Deutschland 2023},
    institution = {BSI},
    address = {Bonn},
    pages = {15-16}
}

@techreport{Europol2024,
    author = {{Europol}},
    year = {2024},
    title = {Internet Organised Crime Threat Assessment (IOCTA) 2024},
    institution = {Europol},
    address = {Den Haag},
    pages = {32-33}
}

@techreport{EuropeanCommission2024,
  author = {{European Commission}},
  year = {2024},
  title = {NIS2-Richtlinie: Stärkung der Cybersicherheit in der EU},
  note = {[online] \url{https://ec.europa.eu/commission/presscorner/detail/de/ip_24_1234} [20.10.2024]}
}

@techreport{Bitkom2024,
  author = {{Bitkom}},
  year = {2024},
  title = {Angriffe auf die deutsche Wirtschaft nehmen zu},
  institution = {Bitkom e.V.},
  note = {[online] \url{https://www.bitkom.org/Presse/Presseinformation/Wirtschaftsschutz-2024} [20.10.2024]}
}
